% This file was created with JabRef 2.10.
% Encoding: UTF8


@Techreport{akcelik80,
  Title                    = {Time-Dependent Expressions for Delay, Stop Rate and Queue Length at Traffic Signals},
  Author                   = {R. Akçelik},
  Institution              = {Australian Road Research Board},
  Year                     = {1980},
  Number                   = {AIR 367-1},

  Address                  = {Vermont South},
  Owner                    = {prikryl},
  Timestamp                = {2008.06.13}
}

@Article{AzmKoc07,
  Title                    = {Application of Gaussian processes for black-box modelling of biosystems},
  Author                   = {Kristjan Ažman and Juš Kocijan},
  Year                     = {2007},
  Doi                      = {10.1016/j.isatra.2007.04.001},
  Number                   = {4},
  Pages                    = {443--457},
  Volume                   = {46},

  Journal                  = {ISA Transactions}
}

@Book{Bis06,
  Title                    = {Pattern recognition and machine learning},
  Author                   = {Christopher M. Bishop},
  Year                     = {2006},
  Publisher                = {Springer Science + Business Media},
  Series                   = {Information Science and Statistics},

  Address                  = {New York}
}

@Inproceedings{bretherton04,
  Title                    = {{SCOOT} -- the future [urban traffic control]},
  Author                   = {D. Bretherton and M. Bodger and N. Baber},
  Booktitle                = {Proceedigns of the 12th IEE International Conference on Road Transport Information and Control (RTIC 2004).},
  Year                     = {2004},
  Pages                    = {301--306},
  Url                      = {http://www.scoot-utc.com/},

  Owner                    = {honza},
  Timestamp                = {2008.01.20}
}

@Inproceedings{busch01,
  Title                    = {{MOTION} for {SITRAFFIC} -- a modern approach to {U}rban {T}raffic {C}ontrol},
  Author                   = {Fritz Busch and Werner Kruse},
  Booktitle                = {2001 IEEE Intelligent Transportation Systems Conference Proceedings},
  Year                     = {2001},
  Pages                    = {61--66},

  Owner                    = {honza},
  Timestamp                = {2008.01.20}
}

@Inproceedings{cetin07,
  Title                    = {Estimating Queues at Signalized Intersections: Value of Location and Time Data from Instrumented Vehicles},
  Author                   = {Mecit Cetin and Gurcan Comert},
  Booktitle                = {Proceedings of the 2007 IEEE Intelligent Vehicles Symposium},
  Year                     = {2007},
  Month                    = {@jun},
  Pages                    = {1138--1143},
  Publisher                = {IEEE},

  Owner                    = {prikryl},
  Timestamp                = {2008.06.09}
}

@Article{chang95,
  Title                    = {Predicting Intersection Queue with Neural Network Models},
  Author                   = {Gang-Len Chang and Chih-Chiang Su},
  Journaltitle             = {Transportation Research Part C: Emerging Technologies},
  Year                     = {1995},
  Doi                      = {10.1016/0968-090X(95)00005-4},
  Number                   = {3},
  Pages                    = {175--191},
  Volume                   = {3},

  Journal                  = {Transportation Research Part C: Emerging Technologies},
  Owner                    = {prikryl},
  Timestamp                = {2008.06.09}
}

@Techreport{chang00,
  Title                    = {Queue Estimation Algorithm for Real-Time Control Policy using Detector Data},
  Author                   = {Chang, Jinil and Liebermann, Edward B. and Shenk Prassas, Elena},
  Institution              = {{KLD Associates}},
  Year                     = {2000},
  Location                 = {Huntington Station, NY},
  Url                      = {http://www.kldcompanies.com/cmsCSoft/uploads/realtime2000.pdf},
  Urldate                  = {2015-01-19},

  Owner                    = {honza},
  Timestamp                = {2009.01.27}
}

@Techreport{FreNiGeDo:98,
  Title                    = {Sequential Monte Carlo Methods for Optimisation of Neural Network Models},
  Author                   = {De Freitas, J. F. G. and Niranjan, M. and Gee, A. H. and Doucet, A.},
  Year                     = {1998},
  Note                     = {CUED/F-INFENG/TR-328},

  Address                  = {Cambridge, England},
  Organization             = {Cambridge University Engineering Department}
}

@Phdthesis{diakaki99b,
  Title                    = {Integrated Control of Traffic Flow in Corridor Networks},
  Author                   = {Christina Diakaki},
  Date                     = {1999},
  Institution              = {Technical University of Crete},
  Location                 = {Chania},

  Owner                    = {honza},
  School                   = {Technical University of Crete, Department of Production Engineering and Management},
  Timestamp                = {2008.01.20}
}

@Article{diakaki02,
  Title                    = {A multivariable regulator approach to traffic-responsive networkwide signal control},
  Author                   = {Christina Diakaki and Markos Papageorgiou and Kostas Aboudolas},
  Year                     = {2002},
  Pages                    = {183-195},
  Volume                   = {10},

  Journal                  = {Control Engineering Practice},
  Owner                    = {honza},
  Timestamp                = {2008.01.20}
}

@Inproceedings{diakaki99,
  Title                    = {Application and evaluation of the integrated traffic-responsive urban corridor control strategy IN-TUC in Glasgow.},
  Author                   = {Christina Diakaki and Markos Papageorgiou and Tom McLean},
  Booktitle                = {Preprints CD-ROM of the 78th annual meeting of the transportation research board},
  Year                     = {1999},

  Address                  = {Washington, DC, USA.},
  Owner                    = {honza},
  Timestamp                = {2008.01.20}
}

@Techreport{DohDibElb:07,
  Title                    = {MATLAB-AIMSUN Toolbox 2.1 - User's Guide},
  Author                   = {Pavel Dohnal and Lukáš Dibelka and Martin Elbl},
  Institution              = {ÚTIA AVČR},
  Year                     = {2007},
  Number                   = {2189},

  Address                  = {Prague, Czech Republic},
  Organization             = {Institute of Information Theory and Automation, Academy of Sciences of the Czech Republic},
  Owner                    = {prikryl},
  Timestamp                = {2008.01.18}
}

@Article{fang05,
  Title                    = {Some Guidelines for Selecting Microsimulation Models for Interchange Traffic Operational Analysis},
  Author                   = {Fang Clara Fang and Lily Elefteriadou},
  Year                     = {2005},
  Doi                      = {10.1061/(ASCE)0733-947X(2005)131:7(535)},
  Month                    = {jul},
  Number                   = {7},
  Pages                    = {535--543},
  Volume                   = {131},

  Journal                  = {Journal of Transportation Engineering},
  Owner                    = {prikryl},
  Timestamp                = {2009.02.08}
}

@Article{FauGreBoyMarLigCon07,
  Title                    = {Gaussian process modelling of EEG for the detection of neonatal seizure},
  Author                   = {Stephen Faul and Gregor Gregorčič and Geraldine Boylan and William Marnane and Gordon Lightbody and Sean Connolly},
  Year                     = {2007},
  Doi                      = {10.1109/TBME.2007.895745},
  Number                   = {12},
  Pages                    = {2151--2162},
  Volume                   = {54},

  Journal                  = {IEEE Transactions on Biomedical Engineering},
  Owner                    = {prikryl},
  Timestamp                = {2008.06.09}
}

@Inproceedings{friedrich03,
  Title                    = {Data Fusion Techniques for Adaptive Traffic Signal Control},
  Author                   = {Bernhard Friedrich and Irina Matschke and Essam Almasri and Jürgen Mück},
  Booktitle                = {Control in Transportation Systems 2003 (CTS '03)},
  Editor                   = {S. Tsugawa and M. Aoki},
  Year                     = {2003},
  Booktitleaddon           = {A proceedings volume from the 10th IFAC Symposium},
  Eventdate                = {2003-08-04/2003-08-06},
  Organization             = {IFAC},
  Pages                    = {86--91},
  Publisher                = {Elsevier},
  Venue                    = {Tokyo, Japan},

  Address                  = {Amsterdam},
  Owner                    = {prikryl},
  Timestamp                = {2015-02-03}
}

@Article{gartner02,
  Title                    = {Optimized Policies for Adaptive Control Systems: Implementation and Field Testing},
  Author                   = {N. H. Gartner and F. J. Pooran and C. M. Andrews},
  Year                     = {2002},
  Pages                    = {148--156},
  Volume                   = {1811},

  Journal                  = {Transportation Research Record},
  Owner                    = {prikryl},
  Timestamp                = {2008.06.13}
}

@Article{girianna2004using,
  Title                    = {Using genetic algorithms to design signal coordination for oversaturated networks},
  Author                   = {Girianna, Montty and Benekohal, Rahim F},
  Year                     = {2004},
  Doi                      = {10.1080/15472450490435340},
  Number                   = {2},
  Pages                    = {117--129},
  Volume                   = {8},

  Journal                  = {Journal of Intelligent Transportation Systems},
  Owner                    = {prikryl},
  Publisher                = {Taylor \& Francis},
  Timestamp                = {2013.05.15}
}

@Article{GraMlaBoz06,
  Title                    = {Ozone prediction based on neural networks and Gaussian processes},
  Author                   = {B. Grašič and P. Mlakar and M. Z. Božnar},
  Year                     = {2006},
  Doi                      = {10.1393/ncc/i2006-10011-5},
  Number                   = {6},
  Pages                    = {651--662},
  Volume                   = {29},

  Journal                  = {Nuovo Cimento della Societa Italiana di Fisica, Sect. C},
  Owner                    = {prikryl},
  Timestamp                = {2008.06.09}
}

@Inproceedings{ho94,
  Title                    = {Modeling Real-Time Dynamic Queue Length for Urban Traffic Control Systems},
  Author                   = {Chi-Hong Ho and Tay-Lin Hwang},
  Booktitle                = {Proceedings of the Intelligent Vehicles '94 Symposium},
  Year                     = {1994},
  Doi                      = {10.1109/IVS.1994.639558},
  Pages                    = {438--442},
  Publisher                = {IEEE},
  Venue                    = {Paris, France},

  Address                  = {Piscataway, NJ},
  Owner                    = {honza},
  Timestamp                = {2008.01.20}
}

@Inproceedings{HomNag:20050106,
  Title                    = {Traffic model of a microregion},
  Author                   = {Jitka Homolová and Ivan Nagy},
  Booktitle                = {Preprints of the 16th World Congress of the International Federation of Automatic Control},
  Editor                   = {Horáček, P. and Šimandl, M. and Zítek, P.},
  Year                     = {2005},
  Month                    = {July},
  Pages                    = {1-6},
  Publisher                = {IFAC},
  Venue                    = {Prague, Czech Republic},

  Address                  = {Prague},
  Ident                    = {UTIA-B 20050106}
}

@Article{JohShoMur00,
  Title                    = {On the Interpretation and Identification of Dynamic Takagi-Sugeno Fuzzy Models},
  Author                   = {Tor Arne Johansen and Robert Shorten and Roderick Murray-Smith},
  Date                     = {2000},
  Journaltitle             = {IEEE Transactions on Fuzzy Systems},
  Year                     = {2000},
  Doi                      = {10.1109/91.855918},
  Issue                    = {3},
  Number                   = {3},
  Pages                    = {297--313},
  Volume                   = {8},

  Journal                  = {IEEE Transactions on Fuzzy Systems}
}

@Article{Ka:60,
  Title                    = {New Results in Linear Filtering and Prediction Theory},
  Author                   = {Kalman, R. E.},
  Year                     = {1960},
  Note                     = {Transactions ASME},
  Pages                    = {34--45},

  Journal                  = {Journal of Basic Engineering}
}

@Book{KarBoh:20050084,
  Title                    = {Optimized Bayesian Dynamic Advising: Theory and Algorithms},
  Author                   = {Miroslav Kárný and Josef Böhm and Tatiana Valentine Guy and Ladislav Jirsa and Ivan Nagy and Petr Nedoma and Ludvík Tesař},
  Year                     = {2005},
  Publisher                = {Springer},

  Address                  = {London},
  Ident                    = {UTIA-B 20050084}
}

@Techreport{tdh2006,
  Title                    = {Traffic Detector Handbook: Third Edition -- Volume I},
  Author                   = {Lawrence A. Klein and Milton K. Mills and David R.P. Gibson},
  Date                     = {2006},
  Institution              = {Federal Highway Administration, Turner-Fairbank Highway Research Center},
  Location                 = {McLean, VA},
  Number                   = {FHWA-HRT-06-108},

  Address                  = {McLean, VA},
  Owner                    = {honza},
  Timestamp                = {2015.01.04}
}

@Article{KocGirBanMur05,
  Title                    = {Dynamic systems identification with {G}aussian processes},
  Author                   = {Juš Kocijan and Agathe Girard and Blaže Banko and Roderick Murray-Smith},
  Year                     = {2005},
  Doi                      = {10.1080/13873950500068567},
  Number                   = {4},
  Pages                    = {411--424},
  Volume                   = {11},

  Journal                  = {Mathematical and Computer Modelling of Dynamic Systems}
}

@Inproceedings{KocLik07,
  Title                    = {Gas-Liquid Separator Modelling and Simulation with Gaussian Process Models},
  Author                   = {J. Kocijan and B. Likar},
  Booktitle                = {Proceedings of the 6th EUROSIM Congress on Modelling and Simulation -- EUROSIM 2007},
  Date                     = {2007-09-09/2007-09-13},
  Year                     = {2007},
  Organization             = {EUROSIM},
  Publisher                = {SLOSIM and University of Ljubljana},
  Venue                    = {Ljubljana, Slovenia},

  Address                  = {Ljubljana},
  Owner                    = {prikryl},
  Timestamp                = {2008.06.09}
}

@Article{kosmatopulos06,
  Title                    = {International comparative field evaluation of a traffic-responsive signal control strategy in three cities q},
  Author                   = {E Kosmatopoulos and Mikos Papageorgiou and C Bielefeldt and V Dinopoulou and R Morris and J Mueck and A Richards and F Weichenmeier},
  Year                     = {2006},
  Pages                    = {399-413},
  Volume                   = {40},

  Journal                  = {Transportation Research Part A},
  Owner                    = {honza},
  Timestamp                = {2008.01.20}
}

@Inproceedings{KraNag:04a,
  Title                    = {Traffic control of microregion.},
  Author                   = {Jitka Kratochvílová and Ivan Nagy},
  Booktitle                = {CMP'04: MULTIPLE PARTICIPANT DECISION MAKING, Theory, algorithms, software and applications},
  Editor                   = {Andr{\'{y}}sek, J. and K{\'{a}}rn{\'{y}}, M. and Krac{\'{\i}}k, J..},
  Year                     = {2004},
  Month                    = {May},
  Pages                    = {161 -- 171},
  Publisher                = {Advanced Knowledge International},

  Address                  = {Adelaide},
  Ident                    = {UTIA-B 20040061}
}

@Inproceedings{kruse03,
  Title                    = {MOTION Netzsteuerung -- Optimierung der Lichtsignalsteuerung im Einsatz},
  Author                   = {Günter Kruse},
  Booktitle                = {Steuerung kommunaler Verkehrsnetze},
  Editor                   = {Marcus Steierwald and Sabine Martens},
  Year                     = {2003},
  Note                     = {In German.},
  Number                   = {236},
  Organization             = {Akademie für Technikfolgenabschätzung in Baden-Württemberg},
  Pages                    = {37--52},
  Url                      = {http://elib.uni-stuttgart.de/opus/volltexte/2003/1544/pdf/ab236.pdf},

  Owner                    = {honza},
  Timestamp                = {2008.01.20}
}

@Article{KulZar:93,
  Title                    = {On a general concept of forgetting},
  Author                   = {Rudolf Kulhavý and M. B. Zarrop},
  Year                     = {1993},
  Doi                      = {10.1080/00207179308923034},
  Number                   = {4},
  Pages                    = {905--924},
  Volume                   = {58},

  Journal                  = {International Journal of Control}
}

@Inproceedings{Laz13,
  Title                    = {Bayesian warped {G}aussian processes},
  Author                   = {Miguel Lazaro-Gredilla},
  Booktitle                = {Advances in Neural Information Processing Systems 25: 26th Annual Conference on Neural Information Processing Systems 2012},
  Editor                   = {F. Pereira and C.J.C. Burges and L. Bottou and K.Q. Weinberger},
  Year                     = {2013},
  Pages                    = {1619--1627},
  Publisher                = {Curran Associates, Inc.},
  Series                   = {Advances in Neural Information Processing Systems},
  Url                      = {http://papers.nips.cc/paper/4494-bayesian-warped-gaussian-processes.pdf},
  Venue                    = {Vancouver, Canada},
  Volume                   = {25},

  Address                  = {Red Hook, NY}
}

@Article{ledoux97,
  Title                    = {An Urban Traffic Flow Model Integrating Neural Networks},
  Author                   = {Corinne Ledoux},
  Journaltitle             = {Transportation Research Part C: Emerging Technologies},
  Year                     = {1997},
  Doi                      = {10.1016/S0968-090X(97)00015-6},
  Number                   = {5},
  Pages                    = {287--300},
  Volume                   = {5},

  Journal                  = {Transportation Research Part C: Emerging Technologies},
  Owner                    = {prikryl},
  Timestamp                = {2008.06.09}
}

@Inproceedings{LeiHeiRin04,
  Title                    = {Gaussian process prior models for electrical load forecasting},
  Author                   = {D. J. Leith and M. Heidl and J. Ringwood},
  Booktitle                = {Proceedings of 2004 International Conference on Probabilistic Methods Applied to Power Systems},
  Date                     = {2004-09-12/2004-09-16},
  Year                     = {2004},
  Organization             = {IEEE},
  Pages                    = {112--117},
  Publisher                = {IEEE},
  Venue                    = {Ames, IA},

  Address                  = {Piscataway, NJ},
  Owner                    = {prikryl},
  Timestamp                = {2008.06.09}
}

@Inproceedings{LeiZhaNeo05,
  Title                    = {Wind turbine rotor acceleration: Identification using Gaussian regression},
  Author                   = {William E. Leithead and Yunong Zhang and Kian Seng Neo},
  Booktitle                = {Proceedings of 2nd International conference on informatics in control automation and robotics (ICINCO 2005)},
  Year                     = {2005},
  Organization             = {INSTICC},
  Pages                    = {84--91},
  Publisher                = {INSTICC},
  Venue                    = {Barcelona, Spain},

  Address                  = {Setúbal},
  Owner                    = {prikryl},
  Timestamp                = {2008.06.09}
}

@Article{LikKoc07,
  Title                    = {Predictive control of a gas-liquid separation plant based on a Gaussian process model},
  Author                   = {B. Likar and J. Kocijan},
  Year                     = {2007},
  Doi                      = {10.1016/j.compchemeng.2006.05.011},
  Number                   = {3},
  Pages                    = {142--152},
  Volume                   = {31},

  Journal                  = {Computers and Chemical Engineering},
  Owner                    = {prikryl},
  Timestamp                = {2008.06.09}
}

@Article{ma2012method,
  Title                    = {A Method for Queue Length Estimation in an Urban Street Network Based on Roll Time Occupancy Data},
  Author                   = {Ma, Dongfang and Wang, Dianhai and Bie, Yiming and Sun, Feng and Jin, Sheng},
  Year                     = {2012},
  Doi                      = {10.1155/2012/892575},
  Note                     = {Article ID 892575},
  Pages                    = {12},
  Volume                   = {2012},

  Journal                  = {Mathematical Problems in Engineering},
  Owner                    = {prikryl},
  Publisher                = {Hindawi Publishing Corporation},
  Timestamp                = {2013.04.16}
}

@Techreport{mathias00,
  Title                    = {MONET -- Dynamic Network Modeling in Transport Systems},
  Author                   = {Paul Mathias and Martin Fellendorf and Peter Vortisch},
  Institution              = {PTV System},
  Year                     = {2000},
  Url                      = {http://www.ptvamerica.com/docs/2000%20MONET%20VISUM%20online.pdf},

  Owner                    = {honza},
  Timestamp                = {2008.01.20}
}

@Article{mueck02,
  Title                    = {Estimation Methods for the State of Traffic at Traffic Signals using Detectors near the Stop-Line},
  Author                   = {Jürgen Mück},
  Year                     = {2002},
  Number                   = {11},
  Pages                    = {429},
  Volume                   = {43},

  Journal                  = {Traffic Engineering and Control},
  Owner                    = {prikryl},
  Timestamp                = {2008.06.13}
}

@Inproceedings{mystkowski98,
  Title                    = {Estimating Queue Lengths Using {SIGNAL94}, {SYNCHRO3}, {TRANSYT-7F}, {PASSER II-90}, and {CORSIM}},
  Author                   = {Cindy Mystkowski and Sarosh Khan},
  Booktitle                = {Proceedings of 78th Transportation Research Board Annual Meeting},
  Year                     = {1998},
  Publisher                = {Transportation Research Board of the National Academies of Science},
  Venue                    = {Washington, DC},

  Address                  = {Washington, DC},
  Owner                    = {honza},
  Timestamp                = {2008.01.20}
}

@Article{NoPoRa:00b,
  Title                    = {New Developments in State Estimation for Nonlinear Systems},
  Author                   = {N{\o}rgaard, M. and Poulsen, N. K. and Ravn, O.},
  Year                     = {2000},
  Number                   = {11},
  Pages                    = {1627--1638},
  Volume                   = {36},

  Journal                  = {Automatica}
}

@Inproceedings{PriNagHom:05,
  Title                    = {Probabilistic model of a traffic network},
  Author                   = {P\v{r}ikryl, J. and Nagy, I. and Homolov{\'{a}}, J.},
  Booktitle                = {Modelling 2005, Book of Abstracts. WB University, Pilsner 2005, pp. 20},
  Year                     = {2005},
  Month                    = {March},
  Pages                    = {1-2},
  Publisher                = {Sdru{\v{z}}en{\'{\i}} pro dopravn{\'{\i}} telematiku {\v{C}}R},

  Address                  = {Praha},
  Ident                    = {UTIA-B 20050091}
}

@Article{papageorgiou1995integrated,
  Title                    = {An integrated control approach for traffic corridors},
  Author                   = {Papageorgiou, Markos},
  Year                     = {1995},
  Doi                      = {10.1016/0968-090X(94)00012-T},
  Number                   = {1},
  Pages                    = {19--30},
  Volume                   = {3},

  Journal                  = {Transportation Research Part C: Emerging Technologies},
  Owner                    = {prikryl},
  Publisher                = {Elsevier},
  Timestamp                = {2013.03.11}
}

@Article{papageorgiou03,
  Title                    = {Review of road traffic control strategies},
  Author                   = {Papageorgiou, Markos and Diakaki, Christina and Dinopoulou, V and Kotsialos, A and Wang, Yibing},
  Date                     = DEC,
  Year                     = {2003},
  Doi                      = {10.1109/JPROC.2003.819610},
  ISSN                     = {0018-9219},
  Number                   = {12},
  Pages                    = {2043--2067},
  Volume                   = {91},

  Journal                  = {Proceedings of the {IEEE}}
}

@Article{papageorgiou08a,
  Title                    = {Relating time-occupancy to space-occupancy and link vehicle-count},
  Author                   = {Markos Papageorgiou and Georgios Vigos},
  Date                     = {2008},
  Journaltitle             = {Transportation Research Part C: Emerging Technologies},
  Doi                      = {10.1016/j.trc.2007.06.001},
  Issue                    = {1},
  Number                   = {1},
  Pages                    = {1--17},
  Volume                   = {16},

  Journal                  = {Transportation Research Part C: Emerging Technologies},
  Owner                    = {honza},
  Timestamp                = {2009.01.27}
}

@Inproceedings{Pec:20060048276,
  Title                    = {Setting of Covariance for Kalman Filter},
  Author                   = {Pecherková, P. and Duník, J.},
  Booktitle                = {Proceedings of the 11th International Conference of Hong Kong Society for Transportation Studies, Sustainable Transportation},
  Year                     = {2006},
  Month                    = {December},
  Pages                    = {739},
  Publisher                = {Hong Kong Society for Transportation Studies},

  Address                  = {Hong Kong},
  Ident                    = {UTIA-B 20060048276}
}

@Incollection{Pet:81,
  Title                    = {{B}ayesian approach to system identification},
  Author                   = {V. Peterka},
  Booktitle                = {Trends and Progress in System Identification},
  Editor                   = {P. Eykhoff},
  Year                     = {1981},
  Pages                    = {239--304},
  Publisher                = {Pergamon Press},

  Address                  = {Oxford}
}

@Inproceedings{prikryl09,
  Title                    = {An Empirical Model of Occupancy-Queue Relation},
  Author                   = {Jan Přikryl and Juš Kocijan},
  Booktitle                = {Proceedings of 12th IFAC Symposium on Transportation Systems},
  Editor                   = {Chassiakos, Anastasios G.},
  Year                     = {2009},
  Doi                      = {10.3182/20090902-3-US-2007.00068},
  Organization             = {IFAC},
  Pages                    = {456--461},
  Publisher                = {IFAC},
  Venue                    = {Redondo Beach, CA, USA.},

  Address                  = {Laxenburg, Austria},
  Owner                    = {honza},
  Timestamp                = {2009.10.15}
}

@Article{quek06,
  Title                    = {{POP-TRAFFIC}: A Novel Fuzzy Neural Approach to Road Traffic Analysis and Prediction},
  Author                   = {Chai Quek and Michel Pasquier and Bernard Boon Seng Lim},
  Year                     = {2006},
  Doi                      = {10.1109/TITS.2006.874712},
  Month                    = {@jun},
  Number                   = {2},
  Pages                    = {133--146},
  Volume                   = {7},

  Journal                  = {IEEE Transactions on Intelligent Transportation Systems},
  Owner                    = {prikryl},
  Timestamp                = {2008.06.09}
}

@Book{will,
  Title                    = {Gaussian Processes for Machine Learning},
  Author                   = {Carl E. Rasmussen and Chris K.I. Williams},
  Year                     = {2006},
  Publisher                = {MIT Press},

  Address                  = {Cambridge, MA}
}

@Book{RoCa:99,
  Title                    = {Monte Carlo Statistical Methods},
  Author                   = {Robert, C. P. and Casella, G.},
  Year                     = {1999},
  Publisher                = {Springer Verlag}
}

@Article{Rob:69,
  Title                    = {TRANSYT method for area traffic control},
  Author                   = {Robertson, D. I.},
  Year                     = {1969},
  Number                   = {2},
  Pages                    = {276 - 281},
  Volume                   = {10},

  Journal                  = {Traffic Engineering and Control}
}

@Inbook{rouphail97,
  Title                    = {Revised Monograph on Traffic Flow Theory},
  Author                   = {Nagui Rouphail and Andrzej Tarko and Jing Li},
  Year                     = {1997},
  Chapter                  = {Traffic Flow at Signalized Intersections},
  Editor                   = {Nathan Gartner and Carroll J. Messer and Ajay K. Rathi},
  Pages                    = {9-1--9-32},
  Publisher                = {Turner-Fairbank Highway Research Center},
  Url                      = {http://www.tfhrc.gov/its/tft/tft.htm},

  Owner                    = {prikryl},
  Timestamp                = {2008.06.10}
}

@Article{Ser:89,
  Title                    = {A MATHEMATICAL-MODEL FOR THE FIXED-TIME TRAFFIC CONTROL PROBLEM},
  Author                   = {Serafini, P and Ukovich, W},
  Date                     = {SEP 25},
  Year                     = {1989},
  ISSN                     = {0377-2217},
  Number                   = {2},
  Pages                    = {152 - 165},
  Volume                   = {42},

  Journal                  = {EUROPEAN JOURNAL OF OPERATIONAL RESEARCH}
}

@Book{ShiCho11,
  Title                    = {Gaussian process regression analysis for functional data},
  Author                   = {Jian Qing Shi and Taeryon Choi},
  Year                     = {2011},
  Publisher                = {Chapman and Hall/CRC, Taylor \& Francis group},

  Address                  = {Boca Raton, FL}
}

@Inproceedings{SiStra:02,
  Title                    = {Nonlinear Estimation by Particle Filters and Cram\'er-Rao Bound},
  Author                   = {Šimandl, M. and Straka, O.},
  Booktitle                = {Preprints of the 15Th Triennial World Congress of the IFAC},
  Year                     = {2002},
  Month                    = jul,

  Address                  = {Barcelona}
}

@Phdthesis{sne07,
  Title                    = {Flexible and efficient Gaussian process models for machine learning},
  Author                   = {Snelson, E.},
  Date                     = {2007},
  Institution              = {University College London},
  Location                 = {London},

  Owner                    = {prikryl},
  School                   = {University College London},
  Timestamp                = {2009.10.14}
}

@Inproceedings{sne04,
  Title                    = {Warped Gaussian processes},
  Author                   = {Snelson, E. and Rasmussen, C. E. and Ghahramani, Z.},
  Booktitle                = {Advances in Neural Information Processing Systems 16},
  Editor                   = {Thrun, S. and Saul, L. K. and Schölkopf, B.},
  Year                     = {2004},
  Booktitleaddon           = {Proceedings of NIPS 2003},
  Pages                    = {337--344},
  Publisher                = {MIT Press},
  Url                      = {http://papers.nips.cc/paper/2481-warped-gaussian-processes.pdf},
  Venue                    = {Vancouver, Canada},
  Volume                   = {16},

  Address                  = {Cambridge, MA},
  Owner                    = {prikryl},
  Timestamp                = {2009.10.14}
}

@Article{Motion:04,
  Title                    = {Reakce systému {MOTION} na dopravu v oblasti Smíchova ({R}eaction of the system {MOTION} to the traffic in the Smichov region},
  Author                   = {Tomáš Tichý and P Brůna and Martin Němec},
  Year                     = {2004},

  Journal                  = {EDS, Prague}
}

@Software{aimsun,
  Title                    = {AIMSUN v. 5.0.1},
  Author                   = {{Transport Simulation Systems}},
  Date                     = {2008-05-12},

  Titleaddon               = {Advanced Interactive Microscopic Simulator for Urban and non-Urban Networks},

  Owner                    = {prikryl},
  Timestamp                = {2006.04.28},
  Year                     = {2008}
}

@Book{hcm2000,
  Title                    = {Highway Capacity Manual 2000},
  Author                   = {{Transportation Research Board}},
  Year                     = {2000},
  Location                 = {Washington, DC},
  Publisher                = {Transportation Research Board of the National Academies of Science},

  Keywords                 = {Highway capacity manual, transporation, traffic control},
  Owner                    = {prikryl},
  Timestamp                = {2008.06.09}
}

@Article{vigos08a,
  Title                    = {Real-time estimation of vehicle-count within signalized links},
  Author                   = {Vigos, Georgios and Papageorgiou, Markos and Wang, Ybing},
  Date                     = {2008},
  Journaltitle             = {Transportation Research Part C: Emerging Technologies},
  Year                     = {2008},
  Doi                      = {10.1016/j.trc.2007.06.002},
  Number                   = {1},
  Pages                    = {18--35},
  Volume                   = {16},

  Journal                  = {Transportation Research Part C: Emerging Technologies},
  Owner                    = {honza},
  Timestamp                = {2009.01.27}
}

@Article{viloria00,
  Title                    = {Comparison of Queue-Length Models at Signalized Intersections},
  Author                   = {Fadhely Viloria and Kenneth Courage and Donald Avery},
  Date                     = {2000},
  Journaltitle             = {Transportation Research Record},
  Year                     = {2000},
  Doi                      = {10.3141/1710-26},
  Pages                    = {222--230},
  Volume                   = {1710},

  Journal                  = {Transportation Research Record},
  Owner                    = {prikryl},
  Timestamp                = {2008.06.09}
}

@Article{viti09a,
  Title                    = {Probabilistic models for queues at fixed control signals},
  Author                   = {Francesco Viti and Henk J. van Zuylen},
  Date                     = {2009},
  Journaltitle             = {Transportation Research Part B: Methodological},
  Doi                      = {10.1016/j.trb.2009.05.001},
  Number                   = {1},
  Pages                    = {120-135},
  Volume                   = {44},

  Journal                  = {Transportation Research Part B},
  Owner                    = {honza},
  Timestamp                = {2009.10.15}
}

@Article{viti2009dynamics,
  Title                    = {The dynamics and the uncertainty of queues at fixed and actuated controls: A probabilistic approach},
  Author                   = {Francesco Viti and Henk J. van Zuylen},
  Date                     = {2009-01-01},
  Journaltitle             = {Journal of Intelligent Transportation Systems: Technology, Planning, and Operations},
  Year                     = {2009},
  Doi                      = {10.1080/15472450802644470},
  Number                   = {1},
  Pages                    = {39--51},
  Volume                   = {13},

  Journal                  = {Journal of Intelligent Transportation Systems: Technology, Planning, and Operations},
  Owner                    = {prikryl},
  Publisher                = {Taylor \& Francis},
  Timestamp                = {2013.04.16}
}

@Article{vlahogianni05,
  Title                    = {Optimized and meta-optimized neural networks for short-term traffic flow prediction: A genetic approach},
  Author                   = {Eleni I. Vlahogianni and Matthew G. Karlaftis and John C. Golias},
  Date                     = {2005-01-01},
  Journaltitle             = {Transportation Research Part C},
  Year                     = {2005},
  Doi                      = {10.1016/j.trc.2005.04.007},
  Number                   = {3},
  Pages                    = {211--234},
  Volume                   = {13},

  Journal                  = {Transportation Research Part C},
  Owner                    = {prikryl},
  Timestamp                = {2008.06.09}
}

@Article{WanFleHer08,
  Title                    = {Gaussian Process Dynamical Models for Human Motion},
  Author                   = {Jack M. Wang and David. J. Fleet and Aaron Hertzmann},
  Date                     = {2008-01-01},
  Journaltitle             = {IEEE Transactions on Pattern Analysis and Machine Intelligence},
  Year                     = {2008},
  Doi                      = {10.1109/TPAMI.2007.1167},
  Number                   = {2},
  Pages                    = {283--298},
  Volume                   = {30},

  Journal                  = {IEEE Transactions on Pattern Analysis and Machine Intelligence},
  Owner                    = {prikryl},
  Timestamp                = {2008.06.09}
}

@Inproceedings{yang2011robust,
  Title                    = {A robust vehicle queuing and dissipation detection method based on two cameras},
  Author                   = {Deliang Yang and Le Xin and Yangzhou Chen and Zhenlong Li and Chen Wang},
  Booktitle                = {Proceedings of 14th International IEEE Conference on Intelligent Transportation Systems (IEEE ITSC 2011)},
  Date                     = {2011-10-05/2011-10-07},
  Year                     = {2011},
  Doi                      = {10.1109/ITSC.2011.6082828},
  Organization             = {IEEE},
  Pages                    = {301--307},
  Publisher                = {IEEE},
  Venue                    = {Washington, DC},

  Address                  = {Piscataway, NJ},
  ISSN                     = {2153-0009},
  Owner                    = {prikryl},
  Timestamp                = {2013.05.15}
}

@Article{yi04,
  Title                    = {Implementation and Field Testing of Characteristics-Based Intersection Queue Estimation Model},
  Author                   = {Ping Yi and Clara Xin and Qiang Zhao},
  Year                     = {2001},
  Pages                    = {205-222},
  Volume                   = {1},

  Journal                  = {Networks and Spatial Economics},
  Owner                    = {honza},
  Timestamp                = {2008.01.20}
}

@Article{zheng2013measuring,
  Title                    = {Measuring Signalized Intersection Performance in Real-Time with Traffic Sensors},
  Author                   = {Jianyang Zheng and Xiaolei Ma and Yao-Jan Wu and Yinhai Wang},
  Date                     = {2013-01-01},
  Journaltitle             = {Journal of Intelligent Transportation Systems: Technology, Planning, and Operations},
  Year                     = {2013},
  Doi                      = {10.1080/15472450.2013.771105},
  Number                   = {4},
  Pages                    = {304-316},
  Volume                   = {17},

  Journal                  = {Journal of Intelligent Transportation Systems: Technology, Planning, and Operations},
  Owner                    = {prikryl},
  Timestamp                = {2013.04.16}
}

@Inproceedings{zuylen03,
  Title                    = {Uncertainty and the Dynamics of Queues at Controlled Intersections},
  Author                   = {Henk J. van Zuylen and Francesco Viti},
  Booktitle                = {Control in Transportation Systems 2003 (CTS '03)},
  Editor                   = {S. Tsugawa and M. Aoki},
  Year                     = {2003},
  Booktitleaddon           = {A proceedings volume from the 10th IFAC Symposium},
  Eventdate                = {2003-08-04/2003-08-06},
  Organization             = {IFAC},
  Pages                    = {43--48},
  Publisher                = {Elsevier},
  Url                      = {http://www.kuleuven.be/traffic/dwn/P2003I},
  Venue                    = {Tokyo, Japan},

  Address                  = {Amsterdam},
  Options                  = {useprefix=true},
  Owner                    = {prikryl},
  Timestamp                = {2015-02-03}
}

@Inproceedings{zuylen06,
  Title                    = {Delay at controlled intersections: the old theory revised.},
  Author                   = {Henk J. van Zuylen and Francesco Viti},
  Booktitle                = {Proceedigns of the 2006 IEEE Intelligent Transportation Systems Conference (IEEE ITSC 2006)},
  Year                     = {2006},
  Doi                      = {10.1109/ITSC.2006.1706720},
  Eventdate                = {2006-09-17/2006-09-20},
  Pages                    = {68--73},
  Publisher                = {IEEE},
  Venue                    = {Toronto, Canada},

  Address                  = {Piscataway, NJ},
  Options                  = {useprefix=true},
  Owner                    = {prikryl},
  Timestamp                = {2008.06.09}
}

@Book{hensher00,
  Title                    = {Handbook of Transport Modelling},
  Date                     = {2000},
  Editor                   = {David A. Hensher and Kenneth J. Button},
  Location                 = {Oxford},
  Pagetotal                = {666},
  Publisher                = {Pergamon Press},

  Owner                    = {prikryl},
  Timestamp                = {2008.06.10}
}

@Book{MurJoh97,
  Title                    = {Multiple model approaches to modelling and control},
  Year                     = {1997},
  Editor                   = {Roderick Murray-Smith and Tor Arne Johansen},
  Publisher                = {Taylor and Francis},

  Address                  = {London}
}

@comment{jabref-entrytype: Software: req[author;date;title] opt[titleaddon;url;urldate]}

